@book{alcorn2014browser,
  title={The Browser Hacker's Handbook},
  author={Alcorn, Wade and Frichot, Christian and Orr{\`u}, Michele},
  year={2014},
  publisher={John Wiley \& Sons}
},
